@article{10.1111/j.1365-2966.2011.19862.x,
  author   = {Mineo, S. and Gilfanov, M. and Sunyaev, R.},
  title    = {{X-ray emission from star-forming galaxies – I. High-mass X-ray binaries}},
  journal  = {Monthly Notices of the Royal Astronomical Society},
  volume   = {419},
  number   = {3},
  pages    = {2095-2115},
  year     = {2012},
  month    = {01},
  abstract = {{Based on a homogeneous set of X-ray, infrared and ultraviolet observations from Chandra, Spitzer, GALEX and 2MASS archives, we study populations of high-mass X-ray binaries (HMXBs) in a sample of 29 nearby star-forming galaxies and their relation to the star-formation rate (SFR). In agreement with previous results, we find that HMXBs are a good tracer of the recent star-formation activity in the host galaxy and their collective luminosity and number scale with the SFR: in particular, . However, the scaling relations still bear a rather large dispersion of rms ∼ 0.4 dex, which we believe is of a physical origin.We present the catalogue of 1055 X-ray sources detected within the D25 ellipse for galaxies of our sample and construct the average X-ray luminosity function (XLF) of HMXBs with substantially improved statistical accuracy and better control of systematic effects than achieved in previous studies. The XLF follows a power law with a slope of 1.6 in the log (LX) ∼ 35–40 luminosity range with moderately significant evidence for a break or cut-off at LX∼ 1040 erg s−1. As before, we did not find any features at the Eddington limit for a neutron star or a stellar-mass black hole.We discuss the implications of our results for the theory of binary evolution. In particular we estimate the fraction of compact objects that once in their lifetime experienced an X-ray active phase powered by accretion from a high-mass companion and obtain a rather large number, fX∼ 0.2 × (0.1 Myr/τX), where τX is the lifetime of the X-ray active phase. This is ∼4 orders of magnitude more frequent than in low-mass X-ray binaries (LMXBs). We also derive constraints on the mass distribution of the secondary star in HMXBs.}},
  issn     = {0035-8711},
  doi      = {10.1111/j.1365-2966.2011.19862.x},
  url      = {https://doi.org/10.1111/j.1365-2966.2011.19862.x},
  eprint   = {https://academic.oup.com/mnras/article-pdf/419/3/2095/18749161/mnras0419-2095.pdf}
}
@article{1984ApJS...54..443P,
  author   = {{Patterson}, J.},
  title    = {{The evolution of cataclysmic and low-mass X-ray binaries.}},
  journal  = {apjs},
  keywords = {Binary Stars, Stellar Evolution, Stellar Mass Ejection, X Ray Binaries, X Ray Sources, X Ray Stars, Accretion Disks, Angular Momentum, Dwarf Novae, Orbital Elements, Star Distribution, Stellar Magnetic Fields, Stellar Rotation, Stellar Structure, Stellar Winds, Variable Stars, White Dwarf Stars, Astrophysics},
  year     = {1984},
  month    = {apr},
  volume   = {54},
  pages    = {443-493},
  doi      = {10.1086/190940},
  adsurl   = {https://ui.adsabs.harvard.edu/abs/1984ApJS...54..443P},
  adsnote  = {Provided by the SAO/NASA Astrophysics Data System}
}
@article{Benvenuto2005,
  author = {Benvenuto, Omar Gustavo and Vito, Alejandra De},
  file   = {:home/giovanni/Documents/Clases/RG/Proyecto{\_}final/Referencias/b48146.pdf:pdf},
  pages  = {146--151},
  title  = {{El estado evolutivo de la enana blanca en el pulsar binario PSR J1713 + 0747}},
  volume = {48},
  year   = {2005}
}
@article{CanazasGaray2015,
  title   = {TEORÍA EFECTIVA PARA ESTRELLAS BINARIAS Y SU APLICACIÓN A ONDAS GRAVITACIONALES},
  volume  = {25},
  url     = {http://www.revistas.uni.edu.pe/index.php/tecnia/article/view/51},
  doi     = {10.21754/tecnia.v25i2.51},
  number  = {2},
  journal = {TECNIA},
  author  = {Canazas Garay, Anthonny},
  year    = {2015},
  month   = {dic.},
  pages   = {75}
}
@article{Gonz2019,
  author   = {Gonz, J},
  file     = {:home/giovanni/Documents/Clases/RG/Proyecto{\_}final/Referencias/2019baaa...61a...84G.pdf:pdf},
  keywords = {4853,binaries,close,evolution,including multiple,individual psr j1227,pulsars,stars},
  number   = {1988},
  title    = {{Estudio del estado evolutivo del sistema binario que contiene al pulsar de milisegundos PSR J1227 - 4853}},
  volume   = {61},
  year     = {2019}
}
@article{Gonzalez2018,
  author = {Gonz{\'{a}}lez, Juli{\'{a}}n R and Mar{\'{i}}a, Directora and Vito, Alejandra De},
  file   = {:home/giovanni/Documents/Clases/RG/Proyecto{\_}final/Referencias/Documento{\_}completo{\_}{\_}.pdf-PDFA.pdf:pdf},
  title  = {{Estudio del estado evolutivo del sistema binario PSR J1227-4853}},
  year   = {2018}
}
@article{PhysRev.131.435,
  title     = {Gravitational Radiation from Point Masses in a Keplerian Orbit},
  author    = {Peters, P. C. and Mathews, J.},
  journal   = {Phys. Rev.},
  volume    = {131},
  issue     = {1},
  pages     = {435--440},
  numpages  = {0},
  year      = {1963},
  month     = {Jul},
  publisher = {American Physical Society},
  doi       = {10.1103/PhysRev.131.435},
  url       = {https://link.aps.org/doi/10.1103/PhysRev.131.435}
}
@book{Torres,
  author = {Torres, P L},
  file   = {:home/giovanni/Downloads/Mecanica.pdf:pdf},
  isbn   = {9800752056},
  title  = {{Elementos de mecánica newtoniana}},
  pages  = {555}
}
@article{Vito2008,
  author = {Vito, M A De and Benvenuto, O G},
  file   = {:home/giovanni/Documents/Clases/RG/Proyecto{\_}final/Referencias/2008BAAA...51...97D.pdf:pdf},
  title  = {{PSR J0751 + 1807 : un ajuste a los parámetros característicos del sistema binario}},
  volume = {51},
  year   = {2008}
}
@article{Wainmaier2011,
  abstract = {La comprensi{\'{o}}n de los estudiantes sobre la naturaleza epistemol{\'{o}}gica de la F{\'{i}}sica recibe cada vez mayor atenci{\'{o}}n en la investigaci{\'{o}}n educativa en ciencias, dada su incidencia sobre el aprendizaje. En este trabajo de car{\'{a}}cter exploratorio, bas{\'{a}}ndonos en investigaciones previas, informamos sobre concepciones epistemol{\'{o}}gicas relevadas a partir de un cuestionario, en estudiantes ingresantes a la universidad. El an{\'{a}}lisis permiti{\'{o}} identificar incomprensiones y limitaciones epistemol{\'{o}}gicas, en el campo de la Mec{\'{a}}nica Newtoniana, vinculadas con: la dependencia crucial del significado de los conceptos cient{\'{i}}ficos f{\'{a}}cticos con el contexto al que pertenecen, la idea que los conceptos cient{\'{i}}ficos f{\'{a}}cticos son creaciones intelectuales que trascienden los hechos, y la distinci{\'{o}}n entre definiciones y leyes.},
  author   = {Wainmaier, Cristina and Speltini, Cristina and {Salinas de Sandoval}, Julia},
  file     = {:home/giovanni/Downloads/ART7{\_}Vol10{\_}N1.pdf:pdf},
  issn     = {1579-1513},
  journal  = {REEC: Revista electr{\'{o}}nica de ense{\~{n}}anza de las ciencias},
  number   = {1},
  pages    = {133--152},
  title    = {{Conceptos y relaciones entre conceptos de la mec{\'{a}}nica newtoniana en estudiantes que ingresan a la universidad}},
  volume   = {10},
  year     = {2011}
}
@article{Weisberg2010,
  archiveprefix = {arXiv},
  arxivid       = {1011.0718},
  author        = {Weisberg, J. M. and Nice, D. J. and Taylor, J. H.},
  doi           = {10.1088/0004-637X/722/2/1030},
  eprint        = {1011.0718},
  file          = {:home/giovanni/Documents/Clases/RG/Proyecto{\_}final/Referencias/Weisberg{\_}2010{\_}ApJ{\_}722{\_}1030.pdf:pdf},
  issn          = {15384357},
  journal       = {Astrophysical Journal},
  keywords      = {Binaries: close,Gravitation,Stars: kinematics and dynamics},
  number        = {2},
  pages         = {1030--1034},
  title         = {{Timing measurements of the relativistic binary pulsar PSR B1913+16}},
  volume        = {722},
  year          = {2010}
}
